%% This BibTeX bibliography file was created using BibDesk.
%% http://bibdesk.sourceforge.net/


%% Created for Zhongren Cao at 2015-02-02 09:50:19 -0500 


%% Saved with string encoding Unicode (UTF-8) 



@article{6472197,
	Abstract = {Interference alignment is a revolutionary wireless transmission strategy that reduces the impact of interference. The idea of interference alignment is to coordinate multiple transmitters so that their mutual interference aligns at the receivers, facilitating simple interference cancellation techniques. Since interference alignment's inception, researchers have investigated its performance and proposed several improvements. Research efforts have been primarily focused on verifying interference alignment's ability to achieve the maximum degrees of freedom (an approximation of sum capacity), developing algorithms for determining alignment solutions, and designing transmission strategies that relax the need for perfect alignment but yield better performance. This article provides an overview of the concept of interference alignment as well as an assessment of practical issues including performance in realistic propagation environments, the role of channel state information at the transmitter, and the practicality of interference alignment in large networks.},
	Author = {El Ayach, O. and Peters, S.W. and Heath, R.W., Jr.},
	Date-Added = {2015-02-02 14:25:55 +0000},
	Date-Modified = {2015-02-02 14:25:55 +0000},
	Doi = {10.1109/MWC.2013.6472197},
	Issn = {1536-1284},
	Journal = {Wireless Communications, IEEE},
	Keywords = {interference suppression;radio networks;radiofrequency interference;channel state information;coordinate multiple transmitters;degrees of freedom;interference cancellation techniques;interference reduction;mutual interference alignment;propagation environments;transmitter;wireless transmission strategy;Approcimation algorithms;Approximation methods;Cellular networks;Cognitive radoi;Interference;Radio spectrum management;Receivers;Transmitters;Wireless networks},
	Month = {February},
	Number = {1},
	Pages = {35-42},
	Title = {The practical challenges of interference alignment},
	Volume = {20},
	Year = {2013},
	Bdsk-File-1 = {YnBsaXN0MDDUAQIDBAUGJCVYJHZlcnNpb25YJG9iamVjdHNZJGFyY2hpdmVyVCR0b3ASAAGGoKgHCBMUFRYaIVUkbnVsbNMJCgsMDxJXTlMua2V5c1pOUy5vYmplY3RzViRjbGFzc6INDoACgAOiEBGABIAFgAdccmVsYXRpdmVQYXRoWWFsaWFzRGF0YV8Qhi4uLy4uLy4uL0Nsb3VkU3RhdGlvbi96cmNhb0ZTL0xpYnJhcnkvQmliRGVza0NvbGxlY3Rpb25zL2RvY3MvMF9lbCBheWFjaC5vX3RoZSBwcmFjdGljYWwgY2hhbGxlbmdlcyBvZiBpbnRlcmZlcmVuY2UgYWxpZ25tZW50XzIwMTMucGRm0hcLGBlXTlMuZGF0YU8RAqAAAAAAAqAAAgAADE1hY2ludG9zaCBIRAAAAAAAAAAAAAAAAAAAAMvhcaBIKwAAAJOAwh8wX2VsIGF5YWNoLm9fdGhlIHByIzE4NEM4NTQucGRmAAAAAAAAAAAAAAAAAAAAAAAAAAAAAAAAAAAAAAAAAAABhMhU0PTzUQAAAAAAAAAAAAMABgAACSAAAAAAAAAAAAAAAAAAAAAEZG9jcwAQAAgAAMvhqeAAAAARAAgAAND1OaEAAAABABwAk4DCAJOAjgAUq08AE5UAABA+2QAF9hEAAMApAAIAdE1hY2ludG9zaCBIRDpVc2VyczoAenJjYW86AENsb3VkU3RhdGlvbjoAenJjYW9GUzoATGlicmFyeToAQmliRGVza0NvbGxlY3Rpb25zOgBkb2NzOgAwX2VsIGF5YWNoLm9fdGhlIHByIzE4NEM4NTQucGRmAA4AkgBIADAAXwBlAGwAIABhAHkAYQBjAGgALgBvAF8AdABoAGUAIABwAHIAYQBjAHQAaQBjAGEAbAAgAGMAaABhAGwAbABlAG4AZwBlAHMAIABvAGYAIABpAG4AdABlAHIAZgBlAHIAZQBuAGMAZQAgAGEAbABpAGcAbgBtAGUAbgB0AF8AMgAwADEAMwAuAHAAZABmAA8AGgAMAE0AYQBjAGkAbgB0AG8AcwBoACAASABEABIAiVVzZXJzL3pyY2FvL0Nsb3VkU3RhdGlvbi96cmNhb0ZTL0xpYnJhcnkvQmliRGVza0NvbGxlY3Rpb25zL2RvY3MvMF9lbCBheWFjaC5vX3RoZSBwcmFjdGljYWwgY2hhbGxlbmdlcyBvZiBpbnRlcmZlcmVuY2UgYWxpZ25tZW50XzIwMTMucGRmAAATAAEvAAAVAAIADP//AACABtIbHB0eWiRjbGFzc25hbWVYJGNsYXNzZXNdTlNNdXRhYmxlRGF0YaMdHyBWTlNEYXRhWE5TT2JqZWN00hscIiNcTlNEaWN0aW9uYXJ5oiIgXxAPTlNLZXllZEFyY2hpdmVy0SYnVHJvb3SAAQAIABEAGgAjAC0AMgA3AEAARgBNAFUAYABnAGoAbABuAHEAcwB1AHcAhACOARcBHAEkA8gDygPPA9oD4wPxA/UD/AQFBAoEFwQaBCwELwQ0AAAAAAAAAgEAAAAAAAAAKAAAAAAAAAAAAAAAAAAABDY=}}

@inproceedings{Ayadurai:2013:SRP:2491246.2491252,
	Acmid = {2491252},
	Address = {New York, NY, USA},
	Author = {Ayadurai, Vicknesan and Prytz, Mikael},
	Booktitle = {Proceedings of the Second Workshop on Software Radio Implementation Forum},
	Date-Added = {2014-04-09 17:13:15 +0000},
	Date-Modified = {2014-04-09 17:13:15 +0000},
	Doi = {10.1145/2491246.2491252},
	Isbn = {978-1-4503-2181-5},
	Keywords = {device-to-device, fpga, mobile networks, software radio, warp},
	Location = {Hong Kong, China},
	Numpages = {8},
	Pages = {53--60},
	Publisher = {ACM},
	Series = {SRIF '13},
	Title = {Software Radio Platform for Network-assisted Device-to-device (NA-D2D) Concepts},
	Url = {http://doi.acm.org/10.1145/2491246.2491252},
	Year = {2013},
	Bdsk-File-1 = {YnBsaXN0MDDUAQIDBAUGJCVYJHZlcnNpb25YJG9iamVjdHNZJGFyY2hpdmVyVCR0b3ASAAGGoKgHCBMUFRYaIVUkbnVsbNMJCgsMDxJXTlMua2V5c1pOUy5vYmplY3RzViRjbGFzc6INDoACgAOiEBGABIAFgAdccmVsYXRpdmVQYXRoWWFsaWFzRGF0YV8Qhi4uLy4uLy4uL0Nsb3VkU3RhdGlvbi96cmNhb0ZTL0xpYnJhcnkvQmliRGVza0NvbGxlY3Rpb25zL2RvY3MvMF9heWFkdXJhaS52X3NvZnR3YXJlIHJhZGlvIHBsYXRmb3JtIGZvciBuZXR3b3JrLWFzc2lzdGVkIGRldmljXzIwMTMucGRm0hcLGBlXTlMuZGF0YU8RAqAAAAAAAqAAAgAADE1hY2ludG9zaCBIRAAAAAAAAAAAAAAAAAAAAMvhcaBIKwAAAJOAwh8wX2F5YWR1cmFpLnZfc29mdHdhciNGNTQ5MUYucGRmAAAAAAAAAAAAAAAAAAAAAAAAAAAAAAAAAAAAAAAAAAAA9Ukfz2r4M1BERiBDQVJPAAMABgAACSAAAAAAAAAAAAAAAAAAAAAEZG9jcwAQAAgAAMvhqeAAAAARAAgAAM9rMHMAAAABABwAk4DCAJOAjgAUq08AE5UAABA+2QAF9hEAAMApAAIAdE1hY2ludG9zaCBIRDpVc2VyczoAenJjYW86AENsb3VkU3RhdGlvbjoAenJjYW9GUzoATGlicmFyeToAQmliRGVza0NvbGxlY3Rpb25zOgBkb2NzOgAwX2F5YWR1cmFpLnZfc29mdHdhciNGNTQ5MUYucGRmAA4AkgBIADAAXwBhAHkAYQBkAHUAcgBhAGkALgB2AF8AcwBvAGYAdAB3AGEAcgBlACAAcgBhAGQAaQBvACAAcABsAGEAdABmAG8AcgBtACAAZgBvAHIAIABuAGUAdAB3AG8AcgBrAC0AYQBzAHMAaQBzAHQAZQBkACAAZABlAHYAaQBjAF8AMgAwADEAMwAuAHAAZABmAA8AGgAMAE0AYQBjAGkAbgB0AG8AcwBoACAASABEABIAiVVzZXJzL3pyY2FvL0Nsb3VkU3RhdGlvbi96cmNhb0ZTL0xpYnJhcnkvQmliRGVza0NvbGxlY3Rpb25zL2RvY3MvMF9heWFkdXJhaS52X3NvZnR3YXJlIHJhZGlvIHBsYXRmb3JtIGZvciBuZXR3b3JrLWFzc2lzdGVkIGRldmljXzIwMTMucGRmAAATAAEvAAAVAAIADP//AACABtIbHB0eWiRjbGFzc25hbWVYJGNsYXNzZXNdTlNNdXRhYmxlRGF0YaMdHyBWTlNEYXRhWE5TT2JqZWN00hscIiNcTlNEaWN0aW9uYXJ5oiIgXxAPTlNLZXllZEFyY2hpdmVy0SYnVHJvb3SAAQAIABEAGgAjAC0AMgA3AEAARgBNAFUAYABnAGoAbABuAHEAcwB1AHcAhACOARcBHAEkA8gDygPPA9oD4wPxA/UD/AQFBAoEFwQaBCwELwQ0AAAAAAAAAgEAAAAAAAAAKAAAAAAAAAAAAAAAAAAABDY=}}

@manual{DoD:JOAC,
	Date-Added = {2014-04-07 18:48:26 +0000},
	Date-Modified = {2014-04-07 18:51:14 +0000},
	Keywords = {defense joint operation strategy},
	Month = {January},
	Organization = {Department of Defense},
	Title = {Joint Operational Access Concept (JOAC)},
	Year = {2012},
	Bdsk-File-1 = {YnBsaXN0MDDUAQIDBAUGJCVYJHZlcnNpb25YJG9iamVjdHNZJGFyY2hpdmVyVCR0b3ASAAGGoKgHCBMUFRYaIVUkbnVsbNMJCgsMDxJXTlMua2V5c1pOUy5vYmplY3RzViRjbGFzc6INDoACgAOiEBGABIAFgAdccmVsYXRpdmVQYXRoWWFsaWFzRGF0YV8QMS4uLy4uLy4uLy4uLy4uL0Rvd25sb2Fkcy9qb2FjX2phbiAyMDEyX3NpZ25lZC5wZGbSFwsYGVdOUy5kYXRhTxEBpAAAAAABpAACAAAMTWFjaW50b3NoIEhEAAAAAAAAAAAAAAAAAAAAy2mnH0grAAAABclTGGpvYWNfamFuIDIwMTJfc2lnbmVkLnBkZgAAAAAAAAAAAAAAAAAAAAAAAAAAAAAAAAAAAAAAAAAAAAAAAAAAAAKVLCTPaGG6UERGIENBUk8ABQACAAAJIAAAAAAAAAAAAAAAAAAAAAlEb3dubG9hZHMAABAACAAAy2ntbwAAABEACAAAz2iZ+gAAAAEADAAFyVMABcjxAAC5VwACAD5NYWNpbnRvc2ggSEQ6VXNlcnM6AHpyY2FvOgBEb3dubG9hZHM6AGpvYWNfamFuIDIwMTJfc2lnbmVkLnBkZgAOADIAGABqAG8AYQBjAF8AagBhAG4AIAAyADAAMQAyAF8AcwBpAGcAbgBlAGQALgBwAGQAZgAPABoADABNAGEAYwBpAG4AdABvAHMAaAAgAEgARAASAC5Vc2Vycy96cmNhby9Eb3dubG9hZHMvam9hY19qYW4gMjAxMl9zaWduZWQucGRmABMAAS8AABUAAgAM//8AAIAG0hscHR5aJGNsYXNzbmFtZVgkY2xhc3Nlc11OU011dGFibGVEYXRhox0fIFZOU0RhdGFYTlNPYmplY3TSGxwiI1xOU0RpY3Rpb25hcnmiIiBfEA9OU0tleWVkQXJjaGl2ZXLRJidUcm9vdIABAAgAEQAaACMALQAyADcAQABGAE0AVQBgAGcAagBsAG4AcQBzAHUAdwCEAI4AwgDHAM8CdwJ5An4CiQKSAqACpAKrArQCuQLGAskC2wLeAuMAAAAAAAACAQAAAAAAAAAoAAAAAAAAAAAAAAAAAAAC5Q==}}

@misc{VanJacobson:GoogleTalk,
	Author = {Van Jacobson},
	Date-Added = {2014-03-14 14:42:46 +0000},
	Date-Modified = {2014-03-14 14:48:49 +0000},
	Howpublished = {http://www.youtube.com/watch?v=gqGEMQveoqg},
	Keywords = {Content-Centric Networking},
	Lastchecked = {Mar. 14, 2014},
	Month = {August 30,},
	Title = {Google {T}ech {T}alk -- {A} {N}ew {W}ay to {L}ook at {N}etworking},
	Urldate = {http://www.youtube.com/watch?v=gqGEMQveoqg},
	Year = {2006}}

@inproceedings{Jacobson:2009:NNC:1658939.1658941,
	Acmid = {1658941},
	Address = {New York, NY, USA},
	Author = {Jacobson, Van and Smetters, Diana K. and Thornton, James D. and Plass, Michael F. and Briggs, Nicholas H. and Braynard, Rebecca L.},
	Booktitle = {Proceedings of the 5th International Conference on Emerging Networking Experiments and Technologies},
	Date-Added = {2014-03-14 14:39:06 +0000},
	Date-Modified = {2014-03-14 14:39:06 +0000},
	Doi = {10.1145/1658939.1658941},
	Isbn = {978-1-60558-636-6},
	Keywords = {content routing, content-based security, content-centric networking},
	Location = {Rome, Italy},
	Numpages = {12},
	Pages = {1--12},
	Publisher = {ACM},
	Series = {CoNEXT '09},
	Title = {Networking Named Content},
	Url = {http://doi.acm.org/10.1145/1658939.1658941},
	Year = {2009},
	Bdsk-File-1 = {YnBsaXN0MDDUAQIDBAUGJCVYJHZlcnNpb25YJG9iamVjdHNZJGFyY2hpdmVyVCR0b3ASAAGGoKgHCBMUFRYaIVUkbnVsbNMJCgsMDxJXTlMua2V5c1pOUy5vYmplY3RzViRjbGFzc6INDoACgAOiEBGABIAFgAdccmVsYXRpdmVQYXRoWWFsaWFzRGF0YV8QbC4uLy4uLy4uL0Nsb3VkU3RhdGlvbi96cmNhb0ZTL0xpYnJhcnkvQmliRGVza0NvbGxlY3Rpb25zL2RvY3MvMF9qYWNvYnNvbi52X25ldHdvcmtpbmcgbmFtZWQgY29udGVudF8yMDA5LnBkZtIXCxgZV05TLmRhdGFPEQJSAAAAAAJSAAIAAAxNYWNpbnRvc2ggSEQAAAAAAAAAAAAAAAAAAADL4XGgSCsAAACTgMIfMF9qYWNvYnNvbi52X25ldHdvcmsjREMxQjE4LnBkZgAAAAAAAAAAAAAAAAAAAAAAAAAAAAAAAAAAAAAAAAAAANwbGM9IjSpQREYgQ0FSTwADAAYAAAkgAAAAAAAAAAAAAAAAAAAABGRvY3MAEAAIAADL4angAAAAEQAIAADPSMVqAAAAAQAcAJOAwgCTgI4AFKtPABOVAAAQPtkABfYRAADAKQACAHRNYWNpbnRvc2ggSEQ6VXNlcnM6AHpyY2FvOgBDbG91ZFN0YXRpb246AHpyY2FvRlM6AExpYnJhcnk6AEJpYkRlc2tDb2xsZWN0aW9uczoAZG9jczoAMF9qYWNvYnNvbi52X25ldHdvcmsjREMxQjE4LnBkZgAOAF4ALgAwAF8AagBhAGMAbwBiAHMAbwBuAC4AdgBfAG4AZQB0AHcAbwByAGsAaQBuAGcAIABuAGEAbQBlAGQAIABjAG8AbgB0AGUAbgB0AF8AMgAwADAAOQAuAHAAZABmAA8AGgAMAE0AYQBjAGkAbgB0AG8AcwBoACAASABEABIAb1VzZXJzL3pyY2FvL0Nsb3VkU3RhdGlvbi96cmNhb0ZTL0xpYnJhcnkvQmliRGVza0NvbGxlY3Rpb25zL2RvY3MvMF9qYWNvYnNvbi52X25ldHdvcmtpbmcgbmFtZWQgY29udGVudF8yMDA5LnBkZgAAEwABLwAAFQACAAz//wAAgAbSGxwdHlokY2xhc3NuYW1lWCRjbGFzc2VzXU5TTXV0YWJsZURhdGGjHR8gVk5TRGF0YVhOU09iamVjdNIbHCIjXE5TRGljdGlvbmFyeaIiIF8QD05TS2V5ZWRBcmNoaXZlctEmJ1Ryb290gAEACAARABoAIwAtADIANwBAAEYATQBVAGAAZwBqAGwAbgBxAHMAdQB3AIQAjgD9AQIBCgNgA2IDZwNyA3sDiQONA5QDnQOiA68DsgPEA8cDzAAAAAAAAAIBAAAAAAAAACgAAAAAAAAAAAAAAAAAAAPO}}

@inproceedings{6735838,
	Abstract = {Military dismounted communications are critical to the success of missions and safety of soldiers, and hence are strongly regimented and hierarchical. Certain situational awareness apps have been introduced, where content is exchanged between soldiers in a squad, but soldiers primarily carry any needed content out with them and bring any collected content back to base. Furthermore, soldiers rarely share content among themselves or with other squads, and any readily needed content must be retrieved through an expensive "reachback" link to base. We present CASCADE, a content-centric networking architecture that facilitates generation and dissemination of content based on soldiers' interests, both statically assigned (e.g., specialty within the squad) and dynamically discovered (i.e., derived from context). The key enabling abstraction within a CASCADE network is the concept of communities. Through the use of both topological and interest-based communities, CASCADE is able to quickly and efficiently deliver content, even in environments prone to disruption.},
	Author = {Strayer, Tim and Kawadia, Vikas and Caro, Armando and Nelson, Samuel and Ryder, Dorene and Clark, Carsten and Tedesco, Kolia Sadeghi Bryan and DeRosa, Olivia},
	Booktitle = {the 2013 IEEE Military Communications Conference (MILCOM 2013)},
	Date-Added = {2014-02-24 14:42:54 +0000},
	Date-Modified = {2014-04-07 19:50:28 +0000},
	Doi = {10.1109/MILCOM.2013.256},
	Keywords = {MANET;content-centric networking;disruption tolerant networking;information-centric networking},
	Month = {Nov},
	Pages = {1518-1523},
	Title = {{CASCADE}: Content Access System for the Combat-Agile Distributed Environment},
	Year = {2013},
	Bdsk-File-1 = {YnBsaXN0MDDUAQIDBAUGJCVYJHZlcnNpb25YJG9iamVjdHNZJGFyY2hpdmVyVCR0b3ASAAGGoKgHCBMUFRYaIVUkbnVsbNMJCgsMDxJXTlMua2V5c1pOUy5vYmplY3RzViRjbGFzc6INDoACgAOiEBGABIAFgAdccmVsYXRpdmVQYXRoWWFsaWFzRGF0YV8QhS4uLy4uLy4uL0Nsb3VkU3RhdGlvbi96cmNhb0ZTL0xpYnJhcnkvQmliRGVza0NvbGxlY3Rpb25zL2RvY3MvMF9zdHJheWVyLnRfY2FzY2FkZSBjb250ZW50IGFjY2VzcyBzeXN0ZW0gZm9yIHRoZSBjb21iYXQtYWdpbGVfMjAxMy5wZGbSFwsYGVdOUy5kYXRhTxECnAAAAAACnAACAAAMTWFjaW50b3NoIEhEAAAAAAAAAAAAAAAAAAAAy+FxoEgrAAAAk4DCHzBfc3RyYXllci50X2Nhc2NhZGUgI0NDMkUxNy5wZGYAAAAAAAAAAAAAAAAAAAAAAAAAAAAAAAAAAAAAAAAAAADMLhfPMMS3UERGIENBUk8AAwAGAAAJIAAAAAAAAAAAAAAAAAAAAARkb2NzABAACAAAy+Gp4AAAABEACAAAzzELBwAAAAEAHACTgMIAk4COABSrTwATlQAAED7ZAAX2EQAAwCkAAgB0TWFjaW50b3NoIEhEOlVzZXJzOgB6cmNhbzoAQ2xvdWRTdGF0aW9uOgB6cmNhb0ZTOgBMaWJyYXJ5OgBCaWJEZXNrQ29sbGVjdGlvbnM6AGRvY3M6ADBfc3RyYXllci50X2Nhc2NhZGUgI0NDMkUxNy5wZGYADgCQAEcAMABfAHMAdAByAGEAeQBlAHIALgB0AF8AYwBhAHMAYwBhAGQAZQAgAGMAbwBuAHQAZQBuAHQAIABhAGMAYwBlAHMAcwAgAHMAeQBzAHQAZQBtACAAZgBvAHIAIAB0AGgAZQAgAGMAbwBtAGIAYQB0AC0AYQBnAGkAbABlAF8AMgAwADEAMwAuAHAAZABmAA8AGgAMAE0AYQBjAGkAbgB0AG8AcwBoACAASABEABIAiFVzZXJzL3pyY2FvL0Nsb3VkU3RhdGlvbi96cmNhb0ZTL0xpYnJhcnkvQmliRGVza0NvbGxlY3Rpb25zL2RvY3MvMF9zdHJheWVyLnRfY2FzY2FkZSBjb250ZW50IGFjY2VzcyBzeXN0ZW0gZm9yIHRoZSBjb21iYXQtYWdpbGVfMjAxMy5wZGYAEwABLwAAFQACAAz//wAAgAbSGxwdHlokY2xhc3NuYW1lWCRjbGFzc2VzXU5TTXV0YWJsZURhdGGjHR8gVk5TRGF0YVhOU09iamVjdNIbHCIjXE5TRGljdGlvbmFyeaIiIF8QD05TS2V5ZWRBcmNoaXZlctEmJ1Ryb290gAEACAARABoAIwAtADIANwBAAEYATQBVAGAAZwBqAGwAbgBxAHMAdQB3AIQAjgEWARsBIwPDA8UDygPVA94D7APwA/cEAAQFBBIEFQQnBCoELwAAAAAAAAIBAAAAAAAAACgAAAAAAAAAAAAAAAAAAAQx}}

@inproceedings{6735837,
	Abstract = {Situational awareness applications in disaster response and tactical scenarios require efficient communication without a managed infrastructure. In principle, the performance, size, weight, and power of commercial off-the-shelf mobile phones and tablets are sufficient to support such applications, provided that efficient protocols and mechanisms are put in place for the efficient and secure sharing and storage of content among such devices. ICEMAN (Information CEntric Mobile Ad-hoc Networking) is a system that allows applications to request content objects by their attributes, and integrates its API with utility-based dissemination, caching, and network-coding mechanisms to deliver content. ICEMAN is implemented based on the Haggle architecture running in the Android operating system, and supports distributed situational-awareness applications operating in networks subject to severe disruption. Its functionality is described, and performance results of the ICEMAN implementation running in mobile phones and the CORE/EMANE network emulation are presented for several test scenarios.},
	Author = {Wood, Samuel and Mathewson, James and Joy, Joshua and Stehr, Mark-Oliver and Kim, Minyoung and Gehani, Ashish and Gerla, Mario and Sadjadpour, Hamid and Garcia-Luna-Aceves, J.J.},
	Booktitle = {2013 IEEE Military Communications Conference (MILCOM 2013)},
	Date-Added = {2014-02-24 14:41:40 +0000},
	Date-Modified = {2014-04-07 19:52:49 +0000},
	Doi = {10.1109/MILCOM.2013.255},
	Keywords = {disruption-tolerant networks;modeling and simulation;network coding;routing},
	Month = {Nov},
	Pages = {1512-1517},
	Title = {{ICEMAN}: A System for Efficient, Robust and Secure Situational Awareness at the Network Edge},
	Year = {2013},
	Bdsk-File-1 = {YnBsaXN0MDDUAQIDBAUGJCVYJHZlcnNpb25YJG9iamVjdHNZJGFyY2hpdmVyVCR0b3ASAAGGoKgHCBMUFRYaIVUkbnVsbNMJCgsMDxJXTlMua2V5c1pOUy5vYmplY3RzViRjbGFzc6INDoACgAOiEBGABIAFgAdccmVsYXRpdmVQYXRoWWFsaWFzRGF0YV8Qgi4uLy4uLy4uL0Nsb3VkU3RhdGlvbi96cmNhb0ZTL0xpYnJhcnkvQmliRGVza0NvbGxlY3Rpb25zL2RvY3MvMF93b29kLnNfaWNlbWFuIGEgc3lzdGVtIGZvciBlZmZpY2llbnQsIHJvYnVzdCBhbmQgc2VjdXJlIHNfMjAxMy5wZGbSFwsYGVdOUy5kYXRhTxEClAAAAAAClAACAAAMTWFjaW50b3NoIEhEAAAAAAAAAAAAAAAAAAAAy+FxoEgrAAAAk4DCHzBfd29vZC5zX2ljZW1hbiBhIHN5I0NDMkRBMC5wZGYAAAAAAAAAAAAAAAAAAAAAAAAAAAAAAAAAAAAAAAAAAADMLaDPMMRnUERGIENBUk8AAwAGAAAJIAAAAAAAAAAAAAAAAAAAAARkb2NzABAACAAAy+Gp4AAAABEACAAAzzEKtwAAAAEAHACTgMIAk4COABSrTwATlQAAED7ZAAX2EQAAwCkAAgB0TWFjaW50b3NoIEhEOlVzZXJzOgB6cmNhbzoAQ2xvdWRTdGF0aW9uOgB6cmNhb0ZTOgBMaWJyYXJ5OgBCaWJEZXNrQ29sbGVjdGlvbnM6AGRvY3M6ADBfd29vZC5zX2ljZW1hbiBhIHN5I0NDMkRBMC5wZGYADgCKAEQAMABfAHcAbwBvAGQALgBzAF8AaQBjAGUAbQBhAG4AIABhACAAcwB5AHMAdABlAG0AIABmAG8AcgAgAGUAZgBmAGkAYwBpAGUAbgB0ACwAIAByAG8AYgB1AHMAdAAgAGEAbgBkACAAcwBlAGMAdQByAGUAIABzAF8AMgAwADEAMwAuAHAAZABmAA8AGgAMAE0AYQBjAGkAbgB0AG8AcwBoACAASABEABIAhVVzZXJzL3pyY2FvL0Nsb3VkU3RhdGlvbi96cmNhb0ZTL0xpYnJhcnkvQmliRGVza0NvbGxlY3Rpb25zL2RvY3MvMF93b29kLnNfaWNlbWFuIGEgc3lzdGVtIGZvciBlZmZpY2llbnQsIHJvYnVzdCBhbmQgc2VjdXJlIHNfMjAxMy5wZGYAABMAAS8AABUAAgAM//8AAIAG0hscHR5aJGNsYXNzbmFtZVgkY2xhc3Nlc11OU011dGFibGVEYXRhox0fIFZOU0RhdGFYTlNPYmplY3TSGxwiI1xOU0RpY3Rpb25hcnmiIiBfEA9OU0tleWVkQXJjaGl2ZXLRJidUcm9vdIABAAgAEQAaACMALQAyADcAQABGAE0AVQBgAGcAagBsAG4AcQBzAHUAdwCEAI4BEwEYASADuAO6A78DygPTA+ED5QPsA/UD+gQHBAoEHAQfBCQAAAAAAAACAQAAAAAAAAAoAAAAAAAAAAAAAAAAAAAEJg==}}

@inproceedings{6735836,
	Abstract = {The tactical edge is filled with rich content, providing real-time intelligence and situation awareness to the warfighter. The current network architecture lacks support for lateral sharing of this critical content. Content is currently accessed from known servers and may require reach-back over bandwidth-constrained links. In this work we present SCALE, a Scalable Content-centric Architecture ensuring Locality and Efficiency. SCALE focuses on sharing data as it is created and is optimized for ad hoc collections of mobile nodes, rather than defined clients and servers. Any node can create and share content and nodes can discover content without knowing ahead of time where to look for it. SCALE provides mechanisms by which content is replicated throughout the network by organically caching content as it transits through the network or prepopulating content caches for existing content. SCALE provides a distributed index based on multi-node resolution, in which nodes dynamically take on responsibility for subsets of the content index based solely on being in a particular geographic location. We provide an evaluation of SCALE's mechanisms for providing local content discovery and sharing based on a SCALE prototype running on Android devices. These results show that SCALE can improve the probability that content is available locally and decrease the number of hops needed to access content. Dynamic ad hoc content sharing apps (e.g. social networking, microblogging, photo sharing, search, chat channels, etc.) can be built on top of SCALE to provide enhanced situation awareness and command and control operations for mobile tactical users.},
	Author = {Schurgot, Mary R. and Esteban, Jairo and Greenwald, Lloyd and Guo, Yang and Smith, Mark and Stott, David and Varvello, Matteo and Wang, Limin},
	Booktitle = {Military Communications Conference, MILCOM 2013 - 2013 IEEE},
	Date-Added = {2014-02-24 14:39:45 +0000},
	Date-Modified = {2014-02-24 14:39:45 +0000},
	Doi = {10.1109/MILCOM.2013.254},
	Month = {Nov},
	Pages = {1506-1511},
	Title = {Providing Local Content Discovery and Sharing in Mobile Tactical Networks},
	Year = {2013},
	Bdsk-File-1 = {YnBsaXN0MDDUAQIDBAUGJCVYJHZlcnNpb25YJG9iamVjdHNZJGFyY2hpdmVyVCR0b3ASAAGGoKgHCBMUFRYaIVUkbnVsbNMJCgsMDxJXTlMua2V5c1pOUy5vYmplY3RzViRjbGFzc6INDoACgAOiEBGABIAFgAdccmVsYXRpdmVQYXRoWWFsaWFzRGF0YV8Qhi4uLy4uLy4uL0Nsb3VkU3RhdGlvbi96cmNhb0ZTL0xpYnJhcnkvQmliRGVza0NvbGxlY3Rpb25zL2RvY3MvMF9zY2h1cmdvdC5tX3Byb3ZpZGluZyBsb2NhbCBjb250ZW50IGRpc2NvdmVyeSBhbmQgc2hhcmluZyBpbiBtXzIwMTMucGRm0hcLGBlXTlMuZGF0YU8RAqAAAAAAAqAAAgAADE1hY2ludG9zaCBIRAAAAAAAAAAAAAAAAAAAAMvhcaBIKwAAAJOAwh8wX3NjaHVyZ290Lm1fcHJvdmlkaSNDQzJEMzYucGRmAAAAAAAAAAAAAAAAAAAAAAAAAAAAAAAAAAAAAAAAAAAAzC02zzDEAFBERiBDQVJPAAMABgAACSAAAAAAAAAAAAAAAAAAAAAEZG9jcwAQAAgAAMvhqeAAAAARAAgAAM8xClAAAAABABwAk4DCAJOAjgAUq08AE5UAABA+2QAF9hEAAMApAAIAdE1hY2ludG9zaCBIRDpVc2VyczoAenJjYW86AENsb3VkU3RhdGlvbjoAenJjYW9GUzoATGlicmFyeToAQmliRGVza0NvbGxlY3Rpb25zOgBkb2NzOgAwX3NjaHVyZ290Lm1fcHJvdmlkaSNDQzJEMzYucGRmAA4AkgBIADAAXwBzAGMAaAB1AHIAZwBvAHQALgBtAF8AcAByAG8AdgBpAGQAaQBuAGcAIABsAG8AYwBhAGwAIABjAG8AbgB0AGUAbgB0ACAAZABpAHMAYwBvAHYAZQByAHkAIABhAG4AZAAgAHMAaABhAHIAaQBuAGcAIABpAG4AIABtAF8AMgAwADEAMwAuAHAAZABmAA8AGgAMAE0AYQBjAGkAbgB0AG8AcwBoACAASABEABIAiVVzZXJzL3pyY2FvL0Nsb3VkU3RhdGlvbi96cmNhb0ZTL0xpYnJhcnkvQmliRGVza0NvbGxlY3Rpb25zL2RvY3MvMF9zY2h1cmdvdC5tX3Byb3ZpZGluZyBsb2NhbCBjb250ZW50IGRpc2NvdmVyeSBhbmQgc2hhcmluZyBpbiBtXzIwMTMucGRmAAATAAEvAAAVAAIADP//AACABtIbHB0eWiRjbGFzc25hbWVYJGNsYXNzZXNdTlNNdXRhYmxlRGF0YaMdHyBWTlNEYXRhWE5TT2JqZWN00hscIiNcTlNEaWN0aW9uYXJ5oiIgXxAPTlNLZXllZEFyY2hpdmVy0SYnVHJvb3SAAQAIABEAGgAjAC0AMgA3AEAARgBNAFUAYABnAGoAbABuAHEAcwB1AHcAhACOARcBHAEkA8gDygPPA9oD4wPxA/UD/AQFBAoEFwQaBCwELwQ0AAAAAAAAAgEAAAAAAAAAKAAAAAAAAAAAAAAAAAAABDY=}}

@article{6563278,
	Abstract = {The current Internet architecture was founded upon a host-centric communication model, which was appropriate for coping with the needs of the early Internet users. Internet usage has evolved however, with most users mainly interested in accessing (vast amounts of) information, irrespective of its physical location. This paradigm shift in the usage model of the Internet, along with the pressing needs for, among others, better security and mobility support, has led researchers into considering a radical change to the Internet architecture. In this direction, we have witnessed many research efforts investigating Information-Centric Networking (ICN) as a foundation upon which the Future Internet can be built. Our main aims in this survey are: (a) to identify the core functionalities of ICN architectures, (b) to describe the key ICN proposals in a tutorial manner, highlighting the similarities and differences among them with respect to those core functionalities, and (c) to identify the key weaknesses of ICN proposals and to outline the main unresolved research challenges in this area of networking research.},
	Author = {Xylomenos, G. and Ververidis, C. and Siris, V. and Fotiou, N. and Tsilopoulos, C. and Vasilakos, X. and Katsaros, K. and Polyzos, G.},
	Date-Added = {2014-02-24 14:34:50 +0000},
	Date-Modified = {2014-02-24 14:34:50 +0000},
	Doi = {10.1109/SURV.2013.070813.00063},
	Issn = {1553-877X},
	Journal = {Communications Surveys Tutorials, IEEE},
	Keywords = {Content-Centric Networking;Future Internet;Information-Centric Networking;Internet Architecture;Named-Data Networking;Publish-Subscribe},
	Number = {99},
	Pages = {1-26},
	Title = {A Survey of Information-Centric Networking Research},
	Volume = {PP},
	Year = {2013},
	Bdsk-File-1 = {YnBsaXN0MDDUAQIDBAUGJCVYJHZlcnNpb25YJG9iamVjdHNZJGFyY2hpdmVyVCR0b3ASAAGGoKgHCBMUFRYaIVUkbnVsbNMJCgsMDxJXTlMua2V5c1pOUy5vYmplY3RzViRjbGFzc6INDoACgAOiEBGABIAFgAdccmVsYXRpdmVQYXRoWWFsaWFzRGF0YV8Qhy4uLy4uLy4uL0Nsb3VkU3RhdGlvbi96cmNhb0ZTL0xpYnJhcnkvQmliRGVza0NvbGxlY3Rpb25zL2RvY3MvMF94eWxvbWVub3MuZ19hIHN1cnZleSBvZiBpbmZvcm1hdGlvbi1jZW50cmljIG5ldHdvcmtpbmcgcmVzZWFyY18yMDEzLnBkZtIXCxgZV05TLmRhdGFPEQKiAAAAAAKiAAIAAAxNYWNpbnRvc2ggSEQAAAAAAAAAAAAAAAAAAADL4XGgSCsAAACTgMIfMF94eWxvbWVub3MuZ19hIHN1cnYjQ0IwNDkwLnBkZgAAAAAAAAAAAAAAAAAAAAAAAAAAAAAAAAAAAAAAAAAAAMsEkM8tOchQREYgQ0FSTwADAAYAAAkgAAAAAAAAAAAAAAAAAAAABGRvY3MAEAAIAADL4angAAAAEQAIAADPLYAYAAAAAQAcAJOAwgCTgI4AFKtPABOVAAAQPtkABfYRAADAKQACAHRNYWNpbnRvc2ggSEQ6VXNlcnM6AHpyY2FvOgBDbG91ZFN0YXRpb246AHpyY2FvRlM6AExpYnJhcnk6AEJpYkRlc2tDb2xsZWN0aW9uczoAZG9jczoAMF94eWxvbWVub3MuZ19hIHN1cnYjQ0IwNDkwLnBkZgAOAJQASQAwAF8AeAB5AGwAbwBtAGUAbgBvAHMALgBnAF8AYQAgAHMAdQByAHYAZQB5ACAAbwBmACAAaQBuAGYAbwByAG0AYQB0AGkAbwBuAC0AYwBlAG4AdAByAGkAYwAgAG4AZQB0AHcAbwByAGsAaQBuAGcAIAByAGUAcwBlAGEAcgBjAF8AMgAwADEAMwAuAHAAZABmAA8AGgAMAE0AYQBjAGkAbgB0AG8AcwBoACAASABEABIAilVzZXJzL3pyY2FvL0Nsb3VkU3RhdGlvbi96cmNhb0ZTL0xpYnJhcnkvQmliRGVza0NvbGxlY3Rpb25zL2RvY3MvMF94eWxvbWVub3MuZ19hIHN1cnZleSBvZiBpbmZvcm1hdGlvbi1jZW50cmljIG5ldHdvcmtpbmcgcmVzZWFyY18yMDEzLnBkZgATAAEvAAAVAAIADP//AACABtIbHB0eWiRjbGFzc25hbWVYJGNsYXNzZXNdTlNNdXRhYmxlRGF0YaMdHyBWTlNEYXRhWE5TT2JqZWN00hscIiNcTlNEaWN0aW9uYXJ5oiIgXxAPTlNLZXllZEFyY2hpdmVy0SYnVHJvb3SAAQAIABEAGgAjAC0AMgA3AEAARgBNAFUAYABnAGoAbABuAHEAcwB1AHcAhACOARgBHQElA8sDzQPSA90D5gP0A/gD/wQIBA0EGgQdBC8EMgQ3AAAAAAAAAgEAAAAAAAAAKAAAAAAAAAAAAAAAAAAABDk=}}

@inproceedings{4558649,
	Abstract = {Mobile Backbone Networks are heterogeneous wireless networks in which a subset of the nodes are more capable than others. The more capable nodes are referred to as Mobile Backbone Nodes (MBNs), whose primary role is to provide a mobile infrastructure in order to facilitate reliable end-to-end communication between nodes in the Network. In this paper, we consider the problem of optimally placing the MBNs over a finite time horizon. Specifically, we consider the path planning of a single MBN and aim to maximize the time-average system throughput. We present a discrete problem formulation, and develop an optimal solution for the single step velocity-constrained MBN placement problem. Using this as a sub-routine, we provide a greedy heuristic algorithm for the overall path planning problem. Next, we develop a dynamic programming based approximation algorithm for the problem. Finally, we compare the developed approaches via simulation.},
	Author = {Srinivas, A. and Modiano, E.},
	Booktitle = {Information Sciences and Systems, 2008. CISS 2008. 42nd Annual Conference on},
	Date-Added = {2013-12-09 16:12:27 +0000},
	Date-Modified = {2013-12-09 16:12:27 +0000},
	Doi = {10.1109/CISS.2008.4558649},
	Keywords = {dynamic programming;greedy algorithms;mobile radio;radio networks;telecommunication network planning;telecommunication network reliability;dynamic programming based approximation algorithm;finite time horizon;greedy heuristic algorithm;heterogeneous wireless networks;mobile backbone networks;network reliability;optimal path planning;Approximation algorithms;Dynamic programming;Heuristic algorithms;Mobile communication;Path planning;Spine;Telecommunication network reliability;Throughput;Wireless networks;Wireless sensor networks},
	Pages = {913-918},
	Title = {Optimal path planning for mobile backbone networks},
	Year = {2008},
	Bdsk-File-1 = {YnBsaXN0MDDUAQIDBAUGJCVYJHZlcnNpb25YJG9iamVjdHNZJGFyY2hpdmVyVCR0b3ASAAGGoKgHCBMUFRYaIVUkbnVsbNMJCgsMDxJXTlMua2V5c1pOUy5vYmplY3RzViRjbGFzc6INDoACgAOiEBGABIAFgAdccmVsYXRpdmVQYXRoWWFsaWFzRGF0YV8Qhi4uLy4uLy4uL0Nsb3VkU3RhdGlvbi96cmNhb0ZTL0xpYnJhcnkvQmliRGVza0NvbGxlY3Rpb25zL2RvY3MvMF9zcmluaXZhcy5hX29wdGltYWwgcGF0aCBwbGFubmluZyBmb3IgbW9iaWxlIGJhY2tib25lIG5ldHdvcmtzXzIwMDgucGRm0hcLGBlXTlMuZGF0YU8RAqAAAAAAAqAAAgAADE1hY2ludG9zaCBIRAAAAAAAAAAAAAAAAAAAAMvhcaBIKwAAAJOAwh8wX3NyaW5pdmFzLmFfb3B0aW1hbCNBN0YzQTgucGRmAAAAAAAAAAAAAAAAAAAAAAAAAAAAAAAAAAAAAAAAAAAAp/OozstWXFBERiBDQVJPAAMABgAACSAAAAAAAAAAAAAAAAAAAAAEZG9jcwAQAAgAAMvhqeAAAAARAAgAAM7LnKwAAAABABwAk4DCAJOAjgAUq08AE5UAABA+2QAF9hEAAMApAAIAdE1hY2ludG9zaCBIRDpVc2VyczoAenJjYW86AENsb3VkU3RhdGlvbjoAenJjYW9GUzoATGlicmFyeToAQmliRGVza0NvbGxlY3Rpb25zOgBkb2NzOgAwX3NyaW5pdmFzLmFfb3B0aW1hbCNBN0YzQTgucGRmAA4AkgBIADAAXwBzAHIAaQBuAGkAdgBhAHMALgBhAF8AbwBwAHQAaQBtAGEAbAAgAHAAYQB0AGgAIABwAGwAYQBuAG4AaQBuAGcAIABmAG8AcgAgAG0AbwBiAGkAbABlACAAYgBhAGMAawBiAG8AbgBlACAAbgBlAHQAdwBvAHIAawBzAF8AMgAwADAAOAAuAHAAZABmAA8AGgAMAE0AYQBjAGkAbgB0AG8AcwBoACAASABEABIAiVVzZXJzL3pyY2FvL0Nsb3VkU3RhdGlvbi96cmNhb0ZTL0xpYnJhcnkvQmliRGVza0NvbGxlY3Rpb25zL2RvY3MvMF9zcmluaXZhcy5hX29wdGltYWwgcGF0aCBwbGFubmluZyBmb3IgbW9iaWxlIGJhY2tib25lIG5ldHdvcmtzXzIwMDgucGRmAAATAAEvAAAVAAIADP//AACABtIbHB0eWiRjbGFzc25hbWVYJGNsYXNzZXNdTlNNdXRhYmxlRGF0YaMdHyBWTlNEYXRhWE5TT2JqZWN00hscIiNcTlNEaWN0aW9uYXJ5oiIgXxAPTlNLZXllZEFyY2hpdmVy0SYnVHJvb3SAAQAIABEAGgAjAC0AMgA3AEAARgBNAFUAYABnAGoAbABuAHEAcwB1AHcAhACOARcBHAEkA8gDygPPA9oD4wPxA/UD/AQFBAoEFwQaBCwELwQ0AAAAAAAAAgEAAAAAAAAAKAAAAAAAAAAAAAAAAAAABDY=}}

@article{5601727,
	Abstract = {This paper describes new algorithms for throughput optimization in a mobile backbone network. This hierarchical communication framework combines mobile backbone nodes, which have superior mobility and communication capability, with regular nodes, which are constrained in mobility and communication capability. An important quantity of interest in mobile backbone networks is the number of regular nodes that can be successfully assigned to mobile backbone nodes at a given throughput level. This paper develops a novel technique for maximizing this quantity in networks of fixed regular nodes using mixed-integer linear programming (MILP). The MILP-based algorithm provides a significant reduction in computation time compared to existing methods and is computationally tractable for problems of moderate size. An approximation algorithm is also developed that is appropriate for large-scale problems. This paper presents a theoretical performance guarantee for the approximation algorithm and also demonstrates its empirical performance. Finally, the mobile backbone network problem is extended to include mobile regular nodes, and exact and approximate solution algorithms are presented for this extension.},
	Author = {Emily M. Craparo and Jonathan P. How and Eytan Modiano},
	Date-Added = {2013-12-06 18:53:55 +0000},
	Date-Modified = {2013-12-06 18:55:21 +0000},
	Doi = {10.1109/TMC.2010.187},
	Issn = {1536-1233},
	Journal = {IEEE Transactions on Mobile Computing},
	Keywords = {approximation theory;integer programming;linear programming;mobile communication;mobility management (mobile radio);wireless sensor networks;MILP-based algorithm;approximation algorithm;communication capability;computation time;computationally tractable;fixed regular nodes;hierarchical communication framework;large-scale problems;mixed-integer linear programming;mobile backbone networks;mobile backbone nodes;mobile regular nodes;mobility capability;theoretical performance guarantee;throughput optimization;Wireless sensor networks;mobile communication systems.},
	Number = {4},
	Pages = {560-572},
	Title = {Throughput Optimization in Mobile Backbone Networks},
	Volume = {10},
	Year = {2011},
	Bdsk-File-1 = {YnBsaXN0MDDUAQIDBAUGJCVYJHZlcnNpb25YJG9iamVjdHNZJGFyY2hpdmVyVCR0b3ASAAGGoKgHCBMUFRYaIVUkbnVsbNMJCgsMDxJXTlMua2V5c1pOUy5vYmplY3RzViRjbGFzc6INDoACgAOiEBGABIAFgAdccmVsYXRpdmVQYXRoWWFsaWFzRGF0YV8QhS4uLy4uLy4uL0Nsb3VkU3RhdGlvbi96cmNhb0ZTL0xpYnJhcnkvQmliRGVza0NvbGxlY3Rpb25zL2RvY3MvMF9jcmFwYXJvLmVfdGhyb3VnaHB1dCBvcHRpbWl6YXRpb24gaW4gbW9iaWxlIGJhY2tib25lIG5ldHdvcmtfMjAxMS5wZGbSFwsYGVdOUy5kYXRhTxECnAAAAAACnAACAAAMTWFjaW50b3NoIEhEAAAAAAAAAAAAAAAAAAAAy+FxoEgrAAAAk4DCHzBfY3JhcGFyby5lX3Rocm91Z2hwI0E3RjM4OC5wZGYAAAAAAAAAAAAAAAAAAAAAAAAAAAAAAAAAAAAAAAAAAACn84jOx4bfUERGIENBUk8AAwAGAAAJIAAAAAAAAAAAAAAAAAAAAARkb2NzABAACAAAy+Gp4AAAABEACAAAzsfNLwAAAAEAHACTgMIAk4COABSrTwATlQAAED7ZAAX2EQAAwCkAAgB0TWFjaW50b3NoIEhEOlVzZXJzOgB6cmNhbzoAQ2xvdWRTdGF0aW9uOgB6cmNhb0ZTOgBMaWJyYXJ5OgBCaWJEZXNrQ29sbGVjdGlvbnM6AGRvY3M6ADBfY3JhcGFyby5lX3Rocm91Z2hwI0E3RjM4OC5wZGYADgCQAEcAMABfAGMAcgBhAHAAYQByAG8ALgBlAF8AdABoAHIAbwB1AGcAaABwAHUAdAAgAG8AcAB0AGkAbQBpAHoAYQB0AGkAbwBuACAAaQBuACAAbQBvAGIAaQBsAGUAIABiAGEAYwBrAGIAbwBuAGUAIABuAGUAdAB3AG8AcgBrAF8AMgAwADEAMQAuAHAAZABmAA8AGgAMAE0AYQBjAGkAbgB0AG8AcwBoACAASABEABIAiFVzZXJzL3pyY2FvL0Nsb3VkU3RhdGlvbi96cmNhb0ZTL0xpYnJhcnkvQmliRGVza0NvbGxlY3Rpb25zL2RvY3MvMF9jcmFwYXJvLmVfdGhyb3VnaHB1dCBvcHRpbWl6YXRpb24gaW4gbW9iaWxlIGJhY2tib25lIG5ldHdvcmtfMjAxMS5wZGYAEwABLwAAFQACAAz//wAAgAbSGxwdHlokY2xhc3NuYW1lWCRjbGFzc2VzXU5TTXV0YWJsZURhdGGjHR8gVk5TRGF0YVhOU09iamVjdNIbHCIjXE5TRGljdGlvbmFyeaIiIF8QD05TS2V5ZWRBcmNoaXZlctEmJ1Ryb290gAEACAARABoAIwAtADIANwBAAEYATQBVAGAAZwBqAGwAbgBxAHMAdQB3AIQAjgEWARsBIwPDA8UDygPVA94D7APwA/cEAAQFBBIEFQQnBCoELwAAAAAAAAIBAAAAAAAAACgAAAAAAAAAAAAAAAAAAAQx}}

@article{6214707,
	Abstract = {We study the novel hierarchical architecture of Mobile Backbone Networks. In such networks, a set of Mobile Backbone Nodes (MBNs), which are envisioned to be airborne, are deployed to provide an end-to-end communications capability for the terrestrial Regular Nodes (RNs). We address the joint problem of placing a fixed number K MBNs, and assigning each RN to exactly one MBN, using two optimization objectives. The first is the Maximum Fair Placement and Assignment (MFPA) problem in which the objective is to maximize the minimum throughput obtained by any RN. The second is the Maximum Throughput Placement and Assignment (MTPA) problem, in which the objective is to maximize the aggregate throughput of the RNs. We develop an optimal polynomial time algorithm for the MFPA problem for any K, and an optimal polynomial time algorithm for the MTPA problem for K≤ 2. We also develop lower complexity approximation algorithms and present simulation results comparing the performance of the various algorithms.},
	Author = {Anand SrinivasSrinivas and Eytan Modiano},
	Date-Added = {2013-12-06 18:47:39 +0000},
	Date-Modified = {2013-12-06 18:48:54 +0000},
	Doi = {10.1109/JSAC.2012.120612},
	Issn = {0733-8716},
	Journal = {IEEE Journal on Selected Areas in Communications},
	Keywords = {mobile radio;optimisation;polynomials;K MBNs;MFPA problem;MTPA problem;complexity approximation algorithms;end-to-end communications capability;maximum fair placement and assignment;maximum throughput placement and assignment;mobile backbone networks hierarchical architecture;node assignment;node placement;optimal polynomial time algorithm;optimization;terrestrial regular nodes;Approximation algorithms;Approximation methods;Mobile communication;Mobile computing;Optimization;Polynomials;Throughput},
	Number = {5},
	Pages = {975-985},
	Title = {Joint Node Placement and Assignment for Throughput Optimization in Mobile Backbone Networks},
	Volume = {30},
	Year = {2012},
	Bdsk-File-1 = {YnBsaXN0MDDUAQIDBAUGJCVYJHZlcnNpb25YJG9iamVjdHNZJGFyY2hpdmVyVCR0b3ASAAGGoKgHCBMUFRYaIVUkbnVsbNMJCgsMDxJXTlMua2V5c1pOUy5vYmplY3RzViRjbGFzc6INDoACgAOiEBGABIAFgAdccmVsYXRpdmVQYXRoWWFsaWFzRGF0YV8Qhi4uLy4uLy4uL0Nsb3VkU3RhdGlvbi96cmNhb0ZTL0xpYnJhcnkvQmliRGVza0NvbGxlY3Rpb25zL2RvY3MvMF9zcmluaXZhcy5hX2pvaW50IG5vZGUgcGxhY2VtZW50IGFuZCBhc3NpZ25tZW50IGZvciB0aHJvdWdocHV0XzIwMTIucGRm0hcLGBlXTlMuZGF0YU8RAqAAAAAAAqAAAgAADE1hY2ludG9zaCBIRAAAAAAAAAAAAAAAAAAAAMvhcaBIKwAAAJOAwh8wX3NyaW5pdmFzLmFfam9pbnQgbiNBN0YzOUYucGRmAAAAAAAAAAAAAAAAAAAAAAAAAAAAAAAAAAAAAAAAAAAAp/OfzseF41BERiBDQVJPAAMABgAACSAAAAAAAAAAAAAAAAAAAAAEZG9jcwAQAAgAAMvhqeAAAAARAAgAAM7HzDMAAAABABwAk4DCAJOAjgAUq08AE5UAABA+2QAF9hEAAMApAAIAdE1hY2ludG9zaCBIRDpVc2VyczoAenJjYW86AENsb3VkU3RhdGlvbjoAenJjYW9GUzoATGlicmFyeToAQmliRGVza0NvbGxlY3Rpb25zOgBkb2NzOgAwX3NyaW5pdmFzLmFfam9pbnQgbiNBN0YzOUYucGRmAA4AkgBIADAAXwBzAHIAaQBuAGkAdgBhAHMALgBhAF8AagBvAGkAbgB0ACAAbgBvAGQAZQAgAHAAbABhAGMAZQBtAGUAbgB0ACAAYQBuAGQAIABhAHMAcwBpAGcAbgBtAGUAbgB0ACAAZgBvAHIAIAB0AGgAcgBvAHUAZwBoAHAAdQB0AF8AMgAwADEAMgAuAHAAZABmAA8AGgAMAE0AYQBjAGkAbgB0AG8AcwBoACAASABEABIAiVVzZXJzL3pyY2FvL0Nsb3VkU3RhdGlvbi96cmNhb0ZTL0xpYnJhcnkvQmliRGVza0NvbGxlY3Rpb25zL2RvY3MvMF9zcmluaXZhcy5hX2pvaW50IG5vZGUgcGxhY2VtZW50IGFuZCBhc3NpZ25tZW50IGZvciB0aHJvdWdocHV0XzIwMTIucGRmAAATAAEvAAAVAAIADP//AACABtIbHB0eWiRjbGFzc25hbWVYJGNsYXNzZXNdTlNNdXRhYmxlRGF0YaMdHyBWTlNEYXRhWE5TT2JqZWN00hscIiNcTlNEaWN0aW9uYXJ5oiIgXxAPTlNLZXllZEFyY2hpdmVy0SYnVHJvb3SAAQAIABEAGgAjAC0AMgA3AEAARgBNAFUAYABnAGoAbABuAHEAcwB1AHcAhACOARcBHAEkA8gDygPPA9oD4wPxA/UD/AQFBAoEFwQaBCwELwQ0AAAAAAAAAgEAAAAAAAAAKAAAAAAAAAAAAAAAAAAABDY=}}

@article{4907352,
	Abstract = {We study a novel hierarchical wireless networking approach in which some of the nodes are more capable than others. In such networks, the more capable nodes can serve as mobile backbone nodes and provide a backbone over which end-to-end communication can take place. Our approach consists of controlling the mobility of the backbone nodes in order to maintain connectivity. We formulate the problem of minimizing the number of backbone nodes and refer to it as the Connected Disk Cover (CDC) problem. We show that it can be decomposed into the Geometric Disk Cover (GDC) problem and the Steiner Tree Problem with Minimum Number of Steiner Points (STP-MSP). We prove that if these subproblems are solved separately by gamma- and delta-approximation algorithms, the approximation ratio of the joint solution is gamma+delta. Then, we focus on the two subproblems and present a number of distributed approximation algorithms that maintain a solution to the GDC problem under mobility. A new approach to the solution of the STP-MSP is also described. We show that this approach can be extended in order to obtain a joint approximate solution to the CDC problem. Finally, we evaluate the performance of the algorithms via simulation and show that the proposed GDC algorithms perform very well under mobility and that the new approach for the joint solution can significantly reduce the number of mobile backbone nodes.},
	Author = {Anand Srinivas and Gil Zussman and Eytan Modiano},
	Date-Added = {2013-12-06 17:14:53 +0000},
	Date-Modified = {2013-12-06 17:32:48 +0000},
	Doi = {10.1109/TNET.2009.2012474},
	Issn = {1063-6692},
	Journal = {IEEE/ACM Transactions on Networking},
	Keywords = {approximation theory;mobile radio;telecommunication network routing;Steiner tree problem;connected disk cover problem;delta-approximation algorithms;distributed approximation algorithms;gamma-approximation algorithms;geometric disk cover problem;hierarchical wireless networking;minimum Steiner point number;mobile backbone nodes;wireless mobile backbone networks;Approximation algorithms;Communication system control;Distributed algorithms;Distributed control;Gas insulated transmission lines;Maintenance;Mobile communication;Performance evaluation;Spine;Telecommunication network reliability;Approximation algorithms;controlled mobility;disk cover;distributed algorithms;wireless networks},
	Number = {1},
	Pages = {239-252},
	Title = {Construction and Maintenance of Wireless Mobile Backbone Networks},
	Volume = {17},
	Year = {2009},
	Bdsk-File-1 = {YnBsaXN0MDDUAQIDBAUGJCVYJHZlcnNpb25YJG9iamVjdHNZJGFyY2hpdmVyVCR0b3ASAAGGoKgHCBMUFRYaIVUkbnVsbNMJCgsMDxJXTlMua2V5c1pOUy5vYmplY3RzViRjbGFzc6INDoACgAOiEBGABIAFgAdccmVsYXRpdmVQYXRoWWFsaWFzRGF0YV8Qhi4uLy4uLy4uL0Nsb3VkU3RhdGlvbi96cmNhb0ZTL0xpYnJhcnkvQmliRGVza0NvbGxlY3Rpb25zL2RvY3MvMF9zcmluaXZhcy5hX2NvbnN0cnVjdGlvbiBhbmQgbWFpbnRlbmFuY2Ugb2Ygd2lyZWxlc3MgbW9iaWxlIGJhXzIwMDkucGRm0hcLGBlXTlMuZGF0YU8RAqAAAAAAAqAAAgAADE1hY2ludG9zaCBIRAAAAAAAAAAAAAAAAAAAAMvhcaBIKwAAAJOAwh8wX3NyaW5pdmFzLmFfY29uc3RydSNBN0YzOTkucGRmAAAAAAAAAAAAAAAAAAAAAAAAAAAAAAAAAAAAAAAAAAAAp/OZzsdwd1BERiBDQVJPAAMABgAACSAAAAAAAAAAAAAAAAAAAAAEZG9jcwAQAAgAAMvhqeAAAAARAAgAAM7HtscAAAABABwAk4DCAJOAjgAUq08AE5UAABA+2QAF9hEAAMApAAIAdE1hY2ludG9zaCBIRDpVc2VyczoAenJjYW86AENsb3VkU3RhdGlvbjoAenJjYW9GUzoATGlicmFyeToAQmliRGVza0NvbGxlY3Rpb25zOgBkb2NzOgAwX3NyaW5pdmFzLmFfY29uc3RydSNBN0YzOTkucGRmAA4AkgBIADAAXwBzAHIAaQBuAGkAdgBhAHMALgBhAF8AYwBvAG4AcwB0AHIAdQBjAHQAaQBvAG4AIABhAG4AZAAgAG0AYQBpAG4AdABlAG4AYQBuAGMAZQAgAG8AZgAgAHcAaQByAGUAbABlAHMAcwAgAG0AbwBiAGkAbABlACAAYgBhAF8AMgAwADAAOQAuAHAAZABmAA8AGgAMAE0AYQBjAGkAbgB0AG8AcwBoACAASABEABIAiVVzZXJzL3pyY2FvL0Nsb3VkU3RhdGlvbi96cmNhb0ZTL0xpYnJhcnkvQmliRGVza0NvbGxlY3Rpb25zL2RvY3MvMF9zcmluaXZhcy5hX2NvbnN0cnVjdGlvbiBhbmQgbWFpbnRlbmFuY2Ugb2Ygd2lyZWxlc3MgbW9iaWxlIGJhXzIwMDkucGRmAAATAAEvAAAVAAIADP//AACABtIbHB0eWiRjbGFzc25hbWVYJGNsYXNzZXNdTlNNdXRhYmxlRGF0YaMdHyBWTlNEYXRhWE5TT2JqZWN00hscIiNcTlNEaWN0aW9uYXJ5oiIgXxAPTlNLZXllZEFyY2hpdmVy0SYnVHJvb3SAAQAIABEAGgAjAC0AMgA3AEAARgBNAFUAYABnAGoAbABuAHEAcwB1AHcAhACOARcBHAEkA8gDygPPA9oD4wPxA/UD/AQFBAoEFwQaBCwELwQ0AAAAAAAAAgEAAAAAAAAAKAAAAAAAAAAAAAAAAAAABDY=}}

@article{Tang2006490,
	Abstract = {Scalability and extended lifetime are two critical design goals of any large scale wireless sensor network. A two-tiered network model has been proposed recently for this purpose. This is a cluster-based network model composed of relay and sensor nodes. Relay nodes are placed in the playing field to serve as cluster heads and to form a connected network topology for information dissemination at the higher tier. The relay nodes are capable of aggregating data packets from the sensor nodes in their clusters and transmitting them to the sink node via wireless multi-hop paths. In this paper, we study the relay node placement problem in large scale wireless sensor networks. Our objective is to place the fewest number of relay nodes in the playing field of a sensor network such that (1) each sensor node can communicate with at least one relay node and (2) the network of relay nodes is connected. However, placement strategies realizing goals (1) and (2) do not provide any fault-tolerance as the network may lose functionality after failure of some of the relay nodes. In order to incorporate fault-tolerance in such a network, we ensure that every sensor node is able to communicate with at least two relay nodes and the induced network topology is 2-connected. This strategy will ensure survivability of the network in the event of single fault, in lieu of higher relay node placement cost. We formulate the relay node placement in wireless sensor networks as two optimization problems: (i) Connected Relay Node Single Cover (CRNSC) problem and (ii) 2-Connected Relay Node Double Cover (2CRNDC) problem. We present two polynomial time approximation algorithms to solve the \{CRNSC\} problem. We prove that the ratio of the number of relay nodes needed by the approximation algorithm to the number of relay nodes needed by the optimal algorithm is bounded by 8 for the first algorithm and 4.5 for the second. In addition, for the 2CRNDC problem we provide two approximation algorithms with performance bounds 6 and 4.5, respectively. },
	Author = {Jian Tang and Bin Hao and Arunabha Sen},
	Date-Added = {2013-12-06 17:00:02 +0000},
	Date-Modified = {2013-12-06 17:38:03 +0000},
	Journal = {Computer Communications},
	Keywords = {Fault-tolerance},
	Number = {4},
	Pages = {490 - 501},
	Title = {Relay node placement in large scale wireless sensor networks},
	Volume = {29},
	Year = {2006},
	Bdsk-File-1 = {YnBsaXN0MDDUAQIDBAUGJCVYJHZlcnNpb25YJG9iamVjdHNZJGFyY2hpdmVyVCR0b3ASAAGGoKgHCBMUFRYaIVUkbnVsbNMJCgsMDxJXTlMua2V5c1pOUy5vYmplY3RzViRjbGFzc6INDoACgAOiEBGABIAFgAdccmVsYXRpdmVQYXRoWWFsaWFzRGF0YV8Qgi4uLy4uLy4uL0Nsb3VkU3RhdGlvbi96cmNhb0ZTL0xpYnJhcnkvQmliRGVza0NvbGxlY3Rpb25zL2RvY3MvMF90YW5nLmpfcmVsYXkgbm9kZSBwbGFjZW1lbnQgaW4gbGFyZ2Ugc2NhbGUgd2lyZWxlc3Mgc2Vuc29fMjAwNi5wZGbSFwsYGVdOUy5kYXRhTxEClAAAAAAClAACAAAMTWFjaW50b3NoIEhEAAAAAAAAAAAAAAAAAAAAy+FxoEgrAAAAk4DCHzBfdGFuZy5qX3JlbGF5IG5vZGUgI0E3RjNBMy5wZGYAAAAAAAAAAAAAAAAAAAAAAAAAAAAAAAAAAAAAAAAAAACn86POx20HUERGIENBUk8AAwAGAAAJIAAAAAAAAAAAAAAAAAAAAARkb2NzABAACAAAy+Gp4AAAABEACAAAzsezVwAAAAEAHACTgMIAk4COABSrTwATlQAAED7ZAAX2EQAAwCkAAgB0TWFjaW50b3NoIEhEOlVzZXJzOgB6cmNhbzoAQ2xvdWRTdGF0aW9uOgB6cmNhb0ZTOgBMaWJyYXJ5OgBCaWJEZXNrQ29sbGVjdGlvbnM6AGRvY3M6ADBfdGFuZy5qX3JlbGF5IG5vZGUgI0E3RjNBMy5wZGYADgCKAEQAMABfAHQAYQBuAGcALgBqAF8AcgBlAGwAYQB5ACAAbgBvAGQAZQAgAHAAbABhAGMAZQBtAGUAbgB0ACAAaQBuACAAbABhAHIAZwBlACAAcwBjAGEAbABlACAAdwBpAHIAZQBsAGUAcwBzACAAcwBlAG4AcwBvAF8AMgAwADAANgAuAHAAZABmAA8AGgAMAE0AYQBjAGkAbgB0AG8AcwBoACAASABEABIAhVVzZXJzL3pyY2FvL0Nsb3VkU3RhdGlvbi96cmNhb0ZTL0xpYnJhcnkvQmliRGVza0NvbGxlY3Rpb25zL2RvY3MvMF90YW5nLmpfcmVsYXkgbm9kZSBwbGFjZW1lbnQgaW4gbGFyZ2Ugc2NhbGUgd2lyZWxlc3Mgc2Vuc29fMjAwNi5wZGYAABMAAS8AABUAAgAM//8AAIAG0hscHR5aJGNsYXNzbmFtZVgkY2xhc3Nlc11OU011dGFibGVEYXRhox0fIFZOU0RhdGFYTlNPYmplY3TSGxwiI1xOU0RpY3Rpb25hcnmiIiBfEA9OU0tleWVkQXJjaGl2ZXLRJidUcm9vdIABAAgAEQAaACMALQAyADcAQABGAE0AVQBgAGcAagBsAG4AcQBzAHUAdwCEAI4BEwEYASADuAO6A78DygPTA+ED5QPsA/UD+gQHBAoEHAQfBCQAAAAAAAACAQAAAAAAAAAoAAAAAAAAAAAAAAAAAAAEJg==}}

@manual{DoD:strategy2012,
	Date-Added = {2013-12-05 18:55:09 +0000},
	Date-Modified = {2013-12-06 15:02:38 +0000},
	Keywords = {defense, A2AD},
	Lastchecked = {http://www.defense.gov/news/defense_strategic_guidance.pdf},
	Month = {January},
	Organization = {U.S. Department of Defense},
	Title = {Sustaining {U}.{S}. {G}lobal {L}eadership: {P}riorities for the 21st {C}entury {D}efense},
	Year = {2012},
	Bdsk-File-1 = {YnBsaXN0MDDUAQIDBAUGJCVYJHZlcnNpb25YJG9iamVjdHNZJGFyY2hpdmVyVCR0b3ASAAGGoKgHCBMUFRYaIVUkbnVsbNMJCgsMDxJXTlMua2V5c1pOUy5vYmplY3RzViRjbGFzc6INDoACgAOiEBGABIAFgAdccmVsYXRpdmVQYXRoWWFsaWFzRGF0YV8Qfy4uLy4uLy4uL0Nsb3VkU3RhdGlvbi96cmNhb0ZTL0xpYnJhcnkvQmliRGVza0NvbGxlY3Rpb25zL2RvY3MvMF9kb2Rfc3VzdGFpbmluZyB1LnMuIGdsb2JhbCBsZWFkZXJzaGlwIHByaW9yaXRpZXMgZm9yIHRfMjAxMi5wZGbSFwsYGVdOUy5kYXRhTxECigAAAAACigACAAAMTWFjaW50b3NoIEhEAAAAAAAAAAAAAAAAAAAAy+FxoEgrAAAAk4DCHzBfZG9kX3N1c3RhaW5pbmcgdS5zI0E3RjM4RS5wZGYAAAAAAAAAAAAAAAAAAAAAAAAAAAAAAAAAAAAAAAAAAACn847OxjhTUERGIENBUk8AAwAGAAAJIAAAAAAAAAAAAAAAAAAAAARkb2NzABAACAAAy+Gp4AAAABEACAAAzsZ+owAAAAEAHACTgMIAk4COABSrTwATlQAAED7ZAAX2EQAAwCkAAgB0TWFjaW50b3NoIEhEOlVzZXJzOgB6cmNhbzoAQ2xvdWRTdGF0aW9uOgB6cmNhb0ZTOgBMaWJyYXJ5OgBCaWJEZXNrQ29sbGVjdGlvbnM6AGRvY3M6ADBfZG9kX3N1c3RhaW5pbmcgdS5zI0E3RjM4RS5wZGYADgCEAEEAMABfAGQAbwBkAF8AcwB1AHMAdABhAGkAbgBpAG4AZwAgAHUALgBzAC4AIABnAGwAbwBiAGEAbAAgAGwAZQBhAGQAZQByAHMAaABpAHAAIABwAHIAaQBvAHIAaQB0AGkAZQBzACAAZgBvAHIAIAB0AF8AMgAwADEAMgAuAHAAZABmAA8AGgAMAE0AYQBjAGkAbgB0AG8AcwBoACAASABEABIAglVzZXJzL3pyY2FvL0Nsb3VkU3RhdGlvbi96cmNhb0ZTL0xpYnJhcnkvQmliRGVza0NvbGxlY3Rpb25zL2RvY3MvMF9kb2Rfc3VzdGFpbmluZyB1LnMuIGdsb2JhbCBsZWFkZXJzaGlwIHByaW9yaXRpZXMgZm9yIHRfMjAxMi5wZGYAEwABLwAAFQACAAz//wAAgAbSGxwdHlokY2xhc3NuYW1lWCRjbGFzc2VzXU5TTXV0YWJsZURhdGGjHR8gVk5TRGF0YVhOU09iamVjdNIbHCIjXE5TRGljdGlvbmFyeaIiIF8QD05TS2V5ZWRBcmNoaXZlctEmJ1Ryb290gAEACAARABoAIwAtADIANwBAAEYATQBVAGAAZwBqAGwAbgBxAHMAdQB3AIQAjgEQARUBHQOrA60DsgO9A8YD1APYA98D6APtA/oD/QQPBBIEFwAAAAAAAAIBAAAAAAAAACgAAAAAAAAAAAAAAAAAAAQZ}}

@inproceedings{Cheng:2012:EMA:2248326.2248336,
	Abstract = {In recent years, there has been increasing interest in the DoD to build an on-demand airborne network for communications relay utilizing high capacity, long-range military radio systems. While these systems operate well in a network of homogeneous systems, platforms generally employ multiple heterogeneous radio systems making internetworking difficult due to varying radio characteristics and lack of interoperability. Although simulations and emulation tests can provide a baseline for how systems will perform in a controlled environment, field-tests are crucial to demonstrate capabilities in real-world operating environments. In this paper, we present measurement results from a field test involving two airborne platforms forming a dynamically routed aerial IP backbone over 200 nautical mile (Nm) with various radio systems as part of the C4ISR 2010 exercise. We present measurements results on per link performance, radio-to-router interface performance, and multi-hop network performance results with prototype software on open source platforms.},
	Acmid = {2248336},
	Address = {New York, NY, USA},
	Author = {Cheng, Bow-Nan and Charland, Randy and Christensen, Paul and Veytser, Leonid and Wheeler, James},
	Booktitle = {Proceedings of the first ACM MobiHoc workshop on Airborne Networks and Communications},
	Date-Added = {2013-10-03 14:09:23 +0000},
	Date-Modified = {2013-10-03 14:10:30 +0000},
	Doi = {10.1145/2248326.2248336},
	Isbn = {978-1-4503-1290-5},
	Keywords = {airborne networks, radio-to-router interface, routing},
	Location = {Hilton Head, South Carolina, USA},
	Numpages = {6},
	Pages = {37--42},
	Publisher = {ACM},
	Series = {Airborne '12},
	Title = {Evaluation of a multi-hop airborne ip backbone with heterogeneous radio technologies},
	Url = {http://doi.acm.org.libproxy.usc.edu/10.1145/2248326.2248336},
	Year = {2012},
	Bdsk-File-1 = {YnBsaXN0MDDUAQIDBAUGJCVYJHZlcnNpb25YJG9iamVjdHNZJGFyY2hpdmVyVCR0b3ASAAGGoKgHCBMUFRYaIVUkbnVsbNMJCgsMDxJXTlMua2V5c1pOUy5vYmplY3RzViRjbGFzc6INDoACgAOiEBGABIAFgAdccmVsYXRpdmVQYXRoWWFsaWFzRGF0YV8Qgy4uLy4uLy4uL0Nsb3VkU3RhdGlvbi96cmNhb0ZTL0xpYnJhcnkvQmliRGVza0NvbGxlY3Rpb25zL2RvY3MvMF9jaGVuZy5iX2V2YWx1YXRpb24gb2YgYSBtdWx0aS1ob3AgYWlyYm9ybmUgaXAgYmFja2JvbmUgd2l0XzIwMTIucGRm0hcLGBlXTlMuZGF0YU8RApYAAAAAApYAAgAADE1hY2ludG9zaCBIRAAAAAAAAAAAAAAAAAAAAMvhcaBIKwAAAJOAwh8wX2NoZW5nLmJfZXZhbHVhdGlvbiM5M0QyQzAucGRmAAAAAAAAAAAAAAAAAAAAAAAAAAAAAAAAAAAAAAAAAAAAk9LAznLzK1BERiBDQVJPAAMABgAACSAAAAAAAAAAAAAAAAAAAAAEZG9jcwAQAAgAAMvhqeAAAAARAAgAAM5zK2sAAAABABwAk4DCAJOAjgAUq08AE5UAABA+2QAF9hEAAMApAAIAdE1hY2ludG9zaCBIRDpVc2VyczoAenJjYW86AENsb3VkU3RhdGlvbjoAenJjYW9GUzoATGlicmFyeToAQmliRGVza0NvbGxlY3Rpb25zOgBkb2NzOgAwX2NoZW5nLmJfZXZhbHVhdGlvbiM5M0QyQzAucGRmAA4AjABFADAAXwBjAGgAZQBuAGcALgBiAF8AZQB2AGEAbAB1AGEAdABpAG8AbgAgAG8AZgAgAGEAIABtAHUAbAB0AGkALQBoAG8AcAAgAGEAaQByAGIAbwByAG4AZQAgAGkAcAAgAGIAYQBjAGsAYgBvAG4AZQAgAHcAaQB0AF8AMgAwADEAMgAuAHAAZABmAA8AGgAMAE0AYQBjAGkAbgB0AG8AcwBoACAASABEABIAhlVzZXJzL3pyY2FvL0Nsb3VkU3RhdGlvbi96cmNhb0ZTL0xpYnJhcnkvQmliRGVza0NvbGxlY3Rpb25zL2RvY3MvMF9jaGVuZy5iX2V2YWx1YXRpb24gb2YgYSBtdWx0aS1ob3AgYWlyYm9ybmUgaXAgYmFja2JvbmUgd2l0XzIwMTIucGRmABMAAS8AABUAAgAM//8AAIAG0hscHR5aJGNsYXNzbmFtZVgkY2xhc3Nlc11OU011dGFibGVEYXRhox0fIFZOU0RhdGFYTlNPYmplY3TSGxwiI1xOU0RpY3Rpb25hcnmiIiBfEA9OU0tleWVkQXJjaGl2ZXLRJidUcm9vdIABAAgAEQAaACMALQAyADcAQABGAE0AVQBgAGcAagBsAG4AcQBzAHUAdwCEAI4BFAEZASEDuwO9A8IDzQPWA+QD6APvA/gD/QQKBA0EHwQiBCcAAAAAAAACAQAAAAAAAAAoAAAAAAAAAAAAAAAAAAAEKQ==}}

@inproceedings{Kent2013RethinkingISR,
	Abstract = {The Air Force Research Laboratory Sensors Directorate, in Dayton Ohio, has a mission ``To lead the discovery, development, and integration of affordable sensor technologies for our warfighters.'' Within this functional mission, the USAF is witnessing a worldwide revolution in technologies related to Intelligence, Surveillance, and Reconnaissance (ISR) missions. While ``commercial off the shelf'' wireless components help the USAF rapidly create and field ISR capabilities in months that once took years, the universal availability of cell phone and publically interconnected cameras and sensors are forcing the USAF to rethink traditional ISR paradigms altogether. Our nation's ability to deter international criminal and transnational violence will depend on our ability to produce a Globally Integrated ISR (GI-ISR) capability that rapidly provides decision makers with timely information.},
	Author = {Kent, B.M. and Ehret, R.A.},
	Booktitle = {Antennas and Propagation Society International Symposium (APSURSI), 2012 IEEE},
	Date-Added = {2013-10-02 18:27:02 +0000},
	Date-Modified = {2013-10-02 18:27:48 +0000},
	Doi = {10.1109/APS.2012.6348961},
	Issn = {1522-3965},
	Keywords = {cameras;cellular radio;military communication;surveillance;USAF;cell phone;globally integrated ISR;intelligence surveillance reconnaissance missions;international criminal and transnational violence;publically interconnected cameras;warfighters;Cellular phones;Intelligent sensors;Internet;Military aircraft;Reconnaissance;Surveillance},
	Pages = {1-2},
	Title = {Rethinking Intelligence, Surveillance, and Reconnaissance in a wireless connected world},
	Year = {2012},
	Bdsk-File-1 = {YnBsaXN0MDDUAQIDBAUGJCVYJHZlcnNpb25YJG9iamVjdHNZJGFyY2hpdmVyVCR0b3ASAAGGoKgHCBMUFRYaIVUkbnVsbNMJCgsMDxJXTlMua2V5c1pOUy5vYmplY3RzViRjbGFzc6INDoACgAOiEBGABIAFgAdccmVsYXRpdmVQYXRoWWFsaWFzRGF0YV8Qgi4uLy4uLy4uL0Nsb3VkU3RhdGlvbi96cmNhb0ZTL0xpYnJhcnkvQmliRGVza0NvbGxlY3Rpb25zL2RvY3MvMF9rZW50LmJfcmV0aGlua2luZyBpbnRlbGxpZ2VuY2UsIHN1cnZlaWxsYW5jZSwgYW5kIHJlY29ubmFfMjAxMi5wZGbSFwsYGVdOUy5kYXRhTxEClAAAAAAClAACAAAMTWFjaW50b3NoIEhEAAAAAAAAAAAAAAAAAAAAy+FxoEgrAAAAk4DCHzBfa2VudC5iX3JldGhpbmtpbmcgIzkzQjZFRS5wZGYAAAAAAAAAAAAAAAAAAAAAAAAAAAAAAAAAAAAAAAAAAACTtu7Ocd4RUERGIENBUk8AAwAGAAAJIAAAAAAAAAAAAAAAAAAAAARkb2NzABAACAAAy+Gp4AAAABEACAAAznIWUQAAAAEAHACTgMIAk4COABSrTwATlQAAED7ZAAX2EQAAwCkAAgB0TWFjaW50b3NoIEhEOlVzZXJzOgB6cmNhbzoAQ2xvdWRTdGF0aW9uOgB6cmNhb0ZTOgBMaWJyYXJ5OgBCaWJEZXNrQ29sbGVjdGlvbnM6AGRvY3M6ADBfa2VudC5iX3JldGhpbmtpbmcgIzkzQjZFRS5wZGYADgCKAEQAMABfAGsAZQBuAHQALgBiAF8AcgBlAHQAaABpAG4AawBpAG4AZwAgAGkAbgB0AGUAbABsAGkAZwBlAG4AYwBlACwAIABzAHUAcgB2AGUAaQBsAGwAYQBuAGMAZQAsACAAYQBuAGQAIAByAGUAYwBvAG4AbgBhAF8AMgAwADEAMgAuAHAAZABmAA8AGgAMAE0AYQBjAGkAbgB0AG8AcwBoACAASABEABIAhVVzZXJzL3pyY2FvL0Nsb3VkU3RhdGlvbi96cmNhb0ZTL0xpYnJhcnkvQmliRGVza0NvbGxlY3Rpb25zL2RvY3MvMF9rZW50LmJfcmV0aGlua2luZyBpbnRlbGxpZ2VuY2UsIHN1cnZlaWxsYW5jZSwgYW5kIHJlY29ubmFfMjAxMi5wZGYAABMAAS8AABUAAgAM//8AAIAG0hscHR5aJGNsYXNzbmFtZVgkY2xhc3Nlc11OU011dGFibGVEYXRhox0fIFZOU0RhdGFYTlNPYmplY3TSGxwiI1xOU0RpY3Rpb25hcnmiIiBfEA9OU0tleWVkQXJjaGl2ZXLRJidUcm9vdIABAAgAEQAaACMALQAyADcAQABGAE0AVQBgAGcAagBsAG4AcQBzAHUAdwCEAI4BEwEYASADuAO6A78DygPTA+ED5QPsA/UD+gQHBAoEHAQfBCQAAAAAAAACAQAAAAAAAAAoAAAAAAAAAAAAAAAAAAAEJg==}}

@book{Bahai:OFDM:1999,
	Adderss = {New York, NY},
	Author = {A. R. S. Bahai and B. R. Saltzberg},
	Date-Added = {2013-10-02 13:43:34 +0000},
	Date-Modified = {2013-10-02 13:43:34 +0000},
	Publisher = {Kluwer Academic / Plenum Publishers},
	Title = {Multi-Carrier Digital Communications: Theory and Applications of OFDM},
	Year = {1999}}

@book{Haykin96:Book,
	Adderss = {Upper Saddle River, NJ},
	Author = {S. Haykin},
	Date-Added = {2013-10-02 13:43:34 +0000},
	Date-Modified = {2013-10-02 13:43:34 +0000},
	Publisher = {Prentice-Hall},
	Title = {{A}daptive filter theory, 3rd ed.},
	Year = {1996}}

@book{Heiskala:OFDMWLAN:2002,
	Address = {Indianapolis, IN},
	Author = {Juha Heiskala and John Terry},
	Date-Added = {2013-10-02 13:43:34 +0000},
	Date-Modified = {2013-10-02 13:43:34 +0000},
	Publisher = {Sams Publishing},
	Title = {OFDM Wireless LANs: A Theoretical and Practical Guide},
	Year = {2002}}

@book{Kay:Estimation1993,
	Address = {Englewood Cliffs, NJ},
	Author = {S. M. Kay},
	Date-Added = {2013-10-02 13:43:34 +0000},
	Date-Modified = {2013-10-02 13:43:34 +0000},
	Publisher = {PTR Prentice Hall},
	Title = {{F}undamentals of {S}tatistical {S}ignal {P}rocessing: {E}stimation {T}heory},
	Year = {1993}}

@book{Lee97:Book,
	Adderss = {New York},
	Author = {W. C. Y. Lee},
	Date-Added = {2013-10-02 13:43:34 +0000},
	Date-Modified = {2013-10-02 13:43:34 +0000},
	Publisher = {McGraw-Hill},
	Title = {Mobile Communications Engineering, 2nd ed.},
	Year = {1997}}

@book{MatrixAnalysis:Ortega87:Book,
	Adderss = {New York},
	Author = {J. M. Ortega},
	Date-Added = {2013-10-02 13:43:34 +0000},
	Date-Modified = {2013-10-02 13:43:34 +0000},
	Publisher = {Plenum Press},
	Title = {Matrix theory},
	Year = {1987}}

@book{MatrixComputations:Golub:Book,
	Adderss = {Baltimore, MA},
	Author = {G. H. Golub and C. F. {Van Loan}},
	Date-Added = {2013-10-02 13:43:34 +0000},
	Date-Modified = {2013-10-02 13:43:34 +0000},
	Edition = {3},
	Publisher = {The Johns Hopkins University Press},
	Title = {{M}atrix Computations},
	Year = {1996}}

@book{Molisch:wideband:2001,
	Address = {Upper Saddle River, NJ},
	Author = {A. F. Molisch},
	Date-Added = {2013-10-02 13:43:34 +0000},
	Date-Modified = {2013-10-02 13:43:34 +0000},
	Publisher = {Prentice-Hall},
	Title = {Wideband Wireless Digital Communications},
	Year = {2001}}

@book{Prasad:OFDM2000,
	Author = {R. van Nee and R. Prasad},
	Date-Added = {2013-10-02 13:43:34 +0000},
	Date-Modified = {2013-11-29 23:07:10 +0000},
	Publisher = {Artech House},
	Title = {{OFDM} for wireless multimedia communications},
	Year = {2000}}

@book{Rappaport:2002,
	Address = {Upper Saddle River, NJ},
	Author = {T. S. Rappaport},
	Date-Added = {2013-10-02 13:43:34 +0000},
	Date-Modified = {2013-10-02 13:43:34 +0000},
	Publisher = {Prentice Hall},
	Title = {{W}ireless communications, principles and practice, 2nd ed.},
	Year = {2002}}

@book{Stoica97:Book,
	Adderss = {Upper Saddle River, New Jersey},
	Author = {P. Stoica and R. Moses},
	Date-Added = {2013-10-02 13:43:34 +0000},
	Date-Modified = {2013-10-02 13:43:34 +0000},
	Publisher = {Prentice-Hall},
	Title = {{I}ntroduction to spectral analysis},
	Year = {1997}}

@book{Svantesson:bookDOA2001,
	Author = {T. Svantesson and M. Viberg},
	Chapter = {Direction-Of-Arrival Estimation in Mobile Communication Scenarios},
	Date-Added = {2013-10-02 13:43:34 +0000},
	Date-Modified = {2013-11-29 23:07:30 +0000},
	Editor = {L. Godara},
	Publisher = {CRC Press},
	Title = {The Handbook on Antennas in Wireless Communications},
	Year = {2001}}

@inproceedings{zrcao:VTC2001,
	Author = {Z. Cao and Y.D. Yao},
	Booktitle = VTC,
	Date-Added = {2013-10-02 13:32:59 +0000},
	Date-Modified = {2013-10-02 13:32:59 +0000},
	Month = {Oct.},
	Pages = {1608-1611},
	Publisher = {IEEE},
	Title = {{D}efinition and drivation of level crossing rate and average fade duration in an interference-limited environment},
	Volume = {3},
	Year = {2001}}

@inproceedings{zrcao:ICC2003,
	Author = {Z. Cao and U. Tureli and Y.D. Yao},
	Booktitle = {IEEE International Conference on Communications (ICC 2003)},
	Date-Added = {2013-10-02 13:32:59 +0000},
	Date-Modified = {2013-10-02 13:32:59 +0000},
	Month = {MAY},
	Pages = {3361 - 3365},
	Publisher = {IEEE},
	Title = {{E}fficient structure-based carrier frequency offset estimation for interleaved {OFDMA} uplink},
	Volume = {5},
	Year = {2003}}

@inproceedings{zrcao:Asilomar2002a,
	Author = {Zhongren Cao and Ufuk Tureli and Yu Dong Yao},
	Booktitle = {IEEE 36th Asilomar Conference on Signals, Systems, and Computers},
	Date-Added = {2013-10-02 13:32:59 +0000},
	Date-Modified = {2013-10-02 13:34:35 +0000},
	Month = {November},
	Publisher = {IEEE},
	Title = {{U}ser separation and frequency-time synchronization for the uplink of interleaved {OFDMA}},
	Year = {2002}}

@inproceedings{zrcao:Asilomar2002b,
	Author = {Z. Cao and U. Tureli and Y. D. Yao},
	Booktitle = {IEEE 36th Asilomar Conference on Signals, Systems, and Computers},
	Date-Added = {2013-10-02 13:32:59 +0000},
	Date-Modified = {2013-10-02 13:32:59 +0000},
	Month = {November},
	Publisher = {IEEE},
	Title = {{A}nalysis of two receiver schemes for interleaved {OFDMA} Uplink},
	Year = {2002}}

@inproceedings{zrcao:Asilomar2003,
	Author = {Z. Cao and U. Tureli and P. Liu},
	Booktitle = {IEEE 37th Asilomar Conference on Signals, Systems, and Computers},
	Date-Added = {2013-10-02 13:32:59 +0000},
	Date-Modified = {2013-10-02 13:32:59 +0000},
	Month = {November},
	Publisher = {IEEE},
	Title = {{O}ptimum subcarrier assignment for {OFDMA} Uplink},
	Year = {2003}}

@inproceedings{zrcao:WOC2002,
	Author = {Z. Cao and U. Tureli and Y.D. Yao},
	Booktitle = {Proc. Wireless and Optical Communications (WOC 2002), IASTED International Conference in cooperation with the IEEE Southern Alberta Section},
	Date-Added = {2013-10-02 13:32:59 +0000},
	Date-Modified = {2013-10-02 13:32:59 +0000},
	Month = {July},
	Pages = {158-163},
	Publisher = {ACTA Press},
	Title = {{C}ollision detection and resolution via frequency offset estimation in {OFDM} based wireless {LAN} environment},
	Year = {2002}}

@inproceedings{zrcao:ISWC2002,
	Author = {Z. Cao and U. Tureli and Y.D. Yao},
	Booktitle = {IEEE International Symposium on Advances in Wireless Communications (ISWC'02)},
	Date-Added = {2013-10-02 13:32:59 +0000},
	Date-Modified = {2013-10-02 13:32:59 +0000},
	Month = {September},
	Publisher = {IEEE},
	Title = {{S}ynchronization in interleaved {OFDMA} systems},
	Year = {2002}}

@article{zrcao:Journal_I,
	Author = {Z. Cao and U. Tureli and Y.D. Yao},
	Date-Added = {2013-10-02 13:32:59 +0000},
	Date-Modified = {2013-10-02 13:32:59 +0000},
	Journal = TCOM,
	Month = {Sept.},
	Number = {9},
	Pages = {1585- 1594},
	Title = {{D}eterministic Multiuser Carrier Frequency Offset Estimation for Interleaved {OFDMA} Uplink},
	Volume = {52},
	Year = {2004}}

@article{zrcao:Journal_II,
	Author = {Z. Cao and U. Tureli and Y.D. Yao},
	Date-Added = {2013-10-02 13:32:59 +0000},
	Date-Modified = {2013-10-02 13:32:59 +0000},
	Journal = {Submitted to IEEE Transactions on Signal Processing},
	Month = {Jan.},
	Title = {Low-complexity orthogonal spectral signal construction for generalized {OFDMA} uplink with carrier frequency offsets},
	Year = {2004}}

@article{zrcao:Journal_III,
	Author = {Z. Cao and U. Tureli and Y.D. Yao},
	Date-Added = {2013-10-02 13:32:59 +0000},
	Date-Modified = {2013-10-02 13:32:59 +0000},
	Journal = {Under preparation},
	Title = {{I}nterleaved {OFDMA} System: Transceiver Design and Applications}}

@inproceedings{zrcao:GlobeCom2004,
	Author = {Z. Cao and U. Tureli and Y.-D. Yao and P. Honan},
	Booktitle = GLOBE,
	Date-Added = {2013-10-02 13:32:59 +0000},
	Date-Modified = {2013-10-02 13:32:59 +0000},
	Month = {November},
	Pages = {1071 - 1075},
	Title = {{F}requency synchronization for generalized {OFDMA} uplink},
	Volume = {2},
	Year = {2004}}

@article{kuntz2013multihoming,
	Author = {Kuntz, Romain and Montavont, Julien and Noel, Thomas},
	Date-Added = {2013-10-01 19:03:31 +0000},
	Date-Modified = {2013-10-01 19:04:40 +0000},
	Journal = {Communications Magazine, IEEE},
	Keywords = {Multihoming},
	Number = {1},
	Pages = {128--135},
	Publisher = {IEEE},
	Title = {Multihoming in IPv6 mobile networks: progress, challenges, and solutions},
	Volume = {51},
	Year = {2013},
	Bdsk-File-1 = {YnBsaXN0MDDUAQIDBAUGJCVYJHZlcnNpb25YJG9iamVjdHNZJGFyY2hpdmVyVCR0b3ASAAGGoKgHCBMUFRYaIVUkbnVsbNMJCgsMDxJXTlMua2V5c1pOUy5vYmplY3RzViRjbGFzc6INDoACgAOiEBGABIAFgAdccmVsYXRpdmVQYXRoWWFsaWFzRGF0YV8Qgy4uLy4uLy4uL0Nsb3VkU3RhdGlvbi96cmNhb0ZTL0xpYnJhcnkvQmliRGVza0NvbGxlY3Rpb25zL2RvY3MvMF9rdW50ei5yX211bHRpaG9taW5nIGluIGlwdjYgbW9iaWxlIG5ldHdvcmtzIHByb2dyZXNzLCBjaGFsXzIwMTMucGRm0hcLGBlXTlMuZGF0YU8RApYAAAAAApYAAgAADE1hY2ludG9zaCBIRAAAAAAAAAAAAAAAAAAAAMvhcaBIKwAAAJOAwh8wX2t1bnR6LnJfbXVsdGlob21pbiM5MzgwRDkucGRmAAAAAAAAAAAAAAAAAAAAAAAAAAAAAAAAAAAAAAAAAAAAk4DZznCVMFBERiBDQVJPAAMABgAACSAAAAAAAAAAAAAAAAAAAAAEZG9jcwAQAAgAAMvhqeAAAAARAAgAAM5wzXAAAAABABwAk4DCAJOAjgAUq08AE5UAABA+2QAF9hEAAMApAAIAdE1hY2ludG9zaCBIRDpVc2VyczoAenJjYW86AENsb3VkU3RhdGlvbjoAenJjYW9GUzoATGlicmFyeToAQmliRGVza0NvbGxlY3Rpb25zOgBkb2NzOgAwX2t1bnR6LnJfbXVsdGlob21pbiM5MzgwRDkucGRmAA4AjABFADAAXwBrAHUAbgB0AHoALgByAF8AbQB1AGwAdABpAGgAbwBtAGkAbgBnACAAaQBuACAAaQBwAHYANgAgAG0AbwBiAGkAbABlACAAbgBlAHQAdwBvAHIAawBzACAAcAByAG8AZwByAGUAcwBzACwAIABjAGgAYQBsAF8AMgAwADEAMwAuAHAAZABmAA8AGgAMAE0AYQBjAGkAbgB0AG8AcwBoACAASABEABIAhlVzZXJzL3pyY2FvL0Nsb3VkU3RhdGlvbi96cmNhb0ZTL0xpYnJhcnkvQmliRGVza0NvbGxlY3Rpb25zL2RvY3MvMF9rdW50ei5yX211bHRpaG9taW5nIGluIGlwdjYgbW9iaWxlIG5ldHdvcmtzIHByb2dyZXNzLCBjaGFsXzIwMTMucGRmABMAAS8AABUAAgAM//8AAIAG0hscHR5aJGNsYXNzbmFtZVgkY2xhc3Nlc11OU011dGFibGVEYXRhox0fIFZOU0RhdGFYTlNPYmplY3TSGxwiI1xOU0RpY3Rpb25hcnmiIiBfEA9OU0tleWVkQXJjaGl2ZXLRJidUcm9vdIABAAgAEQAaACMALQAyADcAQABGAE0AVQBgAGcAagBsAG4AcQBzAHUAdwCEAI4BFAEZASEDuwO9A8IDzQPWA+QD6APvA/gD/QQKBA0EHwQiBCcAAAAAAAACAQAAAAAAAAAoAAAAAAAAAAAAAAAAAAAEKQ==}}
